<record><leader>01138cam a2200325 a 4500</leader><controlfield tag="001">1404306</controlfield><controlfield tag="008">910920s1985    njua     b      1 0 eng d</controlfield><datafield ind1=" " ind2=" " tag="010"><subfield code="a">   84025929</subfield></datafield><datafield ind1=" " ind2=" " tag="020"><subfield code="a">0898595215</subfield></datafield><datafield ind1=" " ind2=" " tag="035"><subfield code="a">ocm11469847</subfield></datafield><datafield ind1=" " ind2=" " tag="040"><subfield code="a">DLC</subfield><subfield code="b">eng</subfield><subfield code="c">DLC</subfield></datafield><datafield ind1=" " ind2=" " tag="049"><subfield code="a">AEU</subfield><subfield code="b">eng</subfield></datafield><datafield ind1="0" ind2=" " tag="050"><subfield code="a">QL785</subfield><subfield code="b">.I85 1985</subfield></datafield><datafield ind1="0" ind2=" " tag="082"><subfield code="a">591.5/1</subfield><subfield code="2">19</subfield></datafield><datafield ind1="0" ind2=" " tag="090"><subfield code="a">QL 785 I86 1985</subfield></datafield><datafield ind1="0" ind2="0" tag="245"><subfield code="a">Issues in the ecological study of learning /</subfield><subfield code="c">edited by Timothy D. Johnston and Alexandra T. Pietrewicz.</subfield></datafield><datafield ind1=" " ind2=" " tag="260"><subfield code="a">Hillsdale, N.J. :</subfield><subfield code="b">L. Erlbaum Associates,</subfield><subfield code="c">1985.</subfield></datafield><datafield ind1=" " ind2=" " tag="300"><subfield code="a">xi, 451 p. :</subfield><subfield code="b">ill. ;</subfield><subfield code="c">24 cm.</subfield></datafield><datafield ind1=" " ind2=" " tag="336"><subfield code="a">text</subfield><subfield code="b">txt</subfield><subfield code="2">rdacontent</subfield></datafield><datafield ind1=" " ind2=" " tag="337"><subfield code="a">unmediated</subfield><subfield code="b">n</subfield><subfield code="2">rdamedia</subfield></datafield><datafield ind1=" " ind2=" " tag="338"><subfield code="a">volume</subfield><subfield code="b">nc</subfield><subfield code="2">rdacarrier</subfield></datafield><datafield ind1="1" ind2=" " tag="490"><subfield code="a">Resources for ecological psychology.</subfield></datafield><datafield ind1=" " ind2=" " tag="504"><subfield code="a">Includes bibliographies and indexes.</subfield></datafield><datafield ind1=" " ind2=" " tag="596"><subfield code="a">38</subfield></datafield><datafield ind1=" " ind2="0" tag="650"><subfield code="a">Learning in animals.</subfield></datafield><datafield ind1=" " ind2="0" tag="650"><subfield code="a">Animal ecology.</subfield></datafield><datafield ind1="1" ind2=" " tag="700"><subfield code="a">Johnston, Timothy D.</subfield></datafield><datafield ind1="1" ind2=" " tag="700"><subfield code="a">Pietrewicz, Alexandra T.</subfield></datafield><datafield ind1=" " ind2="0" tag="830"><subfield code="a">Resources for ecological psychology.</subfield></datafield><datafield ind1=" " ind2=" " tag="926"><subfield code="a">QL 785 I86 1985</subfield><subfield code="w">LC</subfield><subfield code="c">1</subfield><subfield code="i">000037693256</subfield><subfield code="d">12/7/1999</subfield><subfield code="l">ON_SHELF</subfield><subfield code="m">UABARD</subfield><subfield code="n">1</subfield><subfield code="p">$150.00</subfield><subfield code="r">Y</subfield><subfield code="s">Y</subfield><subfield code="t">BOOK</subfield><subfield code="u">10/1/1991</subfield><subfield code="o">.STAFF. A0065610</subfield></datafield></record>